<?xml version="1.0" encoding="UTF-8"?><collection xmlns="http://www.loc.gov/MARC21/slim"><record><leader>00365nam--2200121-i-4500</leader><controlfield tag="001">000010991</controlfield><controlfield tag="002">20161230</controlfield><controlfield tag="005">20161230201029</controlfield><controlfield tag="008">060222s1000------------r-----000-0-eng-d</controlfield><datafield ind1=" " ind2=" " tag="080"><subfield code="a">025.45(048.6)=40</subfield></datafield><datafield ind1=" " ind2=" " tag="245"><subfield code="a">Classification decimale universelle. edition moyenne internationale tom.2: tables alphabetiques</subfield></datafield><datafield ind1=" " ind2=" " tag="260"><subfield code="a">Bruxelles, Mundaneum, 1973 169 P</subfield></datafield><datafield ind1=" " ind2=" " tag="852"><subfield code="a">40564</subfield></datafield></record></collection>